@InProceedings{MartinFTM01,
  author = {D. Martin and C. Fowlkes and D. Tal and J. Malik},
  title = {A Database of Human Segmented Natural Images and its
           Application to Evaluating Segmentation Algorithms and
           Measuring Ecological Statistics},
  booktitle = {Proc. 8th Int'l Conf. Computer Vision},
  year = {2001},
  month = {July},
  volume = {2},
  pages = {416--423}
}

@article{felzenszwalb2004,
  title={Efficient graph-based image segmentation},
  author={Felzenszwalb, P.F. and Huttenlocher, D.P.},
  journal={International Journal of Computer Vision},
  volume={59},
  number={2},
  pages={167--181},
  year={2004},
  publisher={Springer}
}

@article{nene1996columbia,
  title={Columbia object image library (coil-20)},
  author={Nene, S.A. and Nayar, S.K. and Murase, H.},
  journal={Dept. Comput. Sci., Columbia Univ., New York.[Online] http://www. cs. columbia. edu/CAVE/coil-20. html},
  year={1996}
}

@article{zhang1996survey,
  title={A survey on evaluation methods for image segmentation},
  author={Zhang, Y.J.},
  journal={Pattern recognition},
  volume={29},
  number={8},
  pages={1335--1346},
  year={1996},
  publisher={Elsevier}
}